<record><leader>00000cas a2200000 a 4500</leader><controlfield tag="001">13898302</controlfield><controlfield tag="008">860718d18931983kyuwr ne      0    0eng d</controlfield><datafield ind1=" " ind2=" " tag="010"><subfield code="a">sn 86069293 </subfield></datafield><datafield ind1=" " ind2=" " tag="040"><subfield code="a">KNP</subfield><subfield code="b">eng</subfield><subfield code="c">KNP</subfield><subfield code="d">OCL</subfield><subfield code="d">OCLCQ</subfield><subfield code="d">KYUBL</subfield><subfield code="d">OCLCQ</subfield><subfield code="d">OCLCF</subfield><subfield code="d">OCLCO</subfield></datafield><datafield ind1="1" ind2=" " tag="029"><subfield code="a">AU@</subfield><subfield code="b">000022176450</subfield></datafield><datafield ind1=" " ind2=" " tag="042"><subfield code="a">msc</subfield></datafield><datafield ind1=" " ind2=" " tag="043"><subfield code="a">n-us-ky</subfield></datafield><datafield ind1="0" ind2=" " tag="130"><subfield code="a">Meade County messenger (Brandenburg, Ky. : 1893)</subfield></datafield><datafield ind1="1" ind2="0" tag="245"><subfield code="a">Meade County messenger.</subfield></datafield><datafield ind1=" " ind2=" " tag="260"><subfield code="a">Brandenburg, Ky. :</subfield><subfield code="b">[s.n.],</subfield><subfield code="c">-1983.</subfield></datafield><datafield ind1=" " ind2=" " tag="300"><subfield code="a">v. :</subfield><subfield code="b">ill.</subfield></datafield><datafield ind1=" " ind2=" " tag="310"><subfield code="a">Weekly</subfield></datafield><datafield ind1="1" ind2=" " tag="362"><subfield code="a">Began in 1893?</subfield></datafield><datafield ind1="0" ind2=" " tag="362"><subfield code="a">-v. 91, no. 48 (Nov. 30, 1983).</subfield></datafield><datafield ind1=" " ind2=" " tag="588"><subfield code="a">Description based on: Vol. 8, no. 48 (Oct. 3, 1900).</subfield></datafield><datafield ind1=" " ind2="0" tag="651"><subfield code="a">Brandenburg (Ky.)</subfield><subfield code="v">Newspapers.</subfield></datafield><datafield ind1=" " ind2="0" tag="651"><subfield code="a">Meade County (Ky.)</subfield><subfield code="v">Newspapers.</subfield></datafield><datafield ind1=" " ind2="7" tag="655"><subfield code="a">Newspapers.</subfield><subfield code="2">fast</subfield><subfield code="0">(OCoLC)fst01423814</subfield></datafield><datafield ind1=" " ind2="7" tag="651"><subfield code="a">Kentucky</subfield><subfield code="z">Brandenburg.</subfield><subfield code="2">fast</subfield><subfield code="0">(OCoLC)fst01220018</subfield></datafield><datafield ind1=" " ind2="7" tag="651"><subfield code="a">Kentucky</subfield><subfield code="z">Meade County.</subfield><subfield code="2">fast</subfield><subfield code="0">(OCoLC)fst01207024</subfield></datafield><datafield ind1=" " ind2=" " tag="752"><subfield code="a">United States</subfield><subfield code="b">Kentucky</subfield><subfield code="c">Meade</subfield><subfield code="d">Brandenburg.</subfield></datafield><datafield ind1="0" ind2="0" tag="785"><subfield code="t">Messenger (Brandenburg, Ky.)</subfield><subfield code="w">(DLC)sn 84007949</subfield></datafield></record>